3568 5626
323 591 360 645 60
505 589 780 644 Buuvtsuruu
806 589 1075 643 Pnss'usut'u
1106 588 1320 642 xovsut'u

328 787 332 792 .
370 733 587 800 SATURNIA
616 732 834 802 VIRIDULA,
854 731 993 795 umbella
1007 729 1202 808 multiflora;
1220 729 1353 795 floribus
1371 733 1500 817 parvis:

325 849 482 936 perigenii
492 849 681 914 laciniarum
691 847 908 913 costadorsali
916 847 1051 919 rubella,
1063 847 1172 912 fructu
1187 847 1498 934 globoso-depresso

324 966 410 1031 soliis
437 965 615 1051 elongatis,
643 964 838 1034 subnectis,
874 963 977 1028 dilute
1011 963 1210 1034 virentibus,
1243 963 1361 1028 leviter
1388 969 1503 1030 centro

323 1081 543 1148 canaliculatis
567 1081 765 1168 longiuscule
790 1080 919 1151 cuiatis,
943 1101 1043 1144 nervo
1066 1080 1186 1144 dorsali
1211 1081 1393 1166 prominnlo
1419 1081 1498 1146 snb-

325 1206 378 1264 tus
401 1199 518 1283 passim
533 1197 607 1283 pilis
631 1198 715 1262 raris
738 1195 890 1283 praedit03
916 1196 1064 1260 umbellae
1086 1196 1247 1262 alabastro
1274 1205 1382 1270 orato,
1407 1197 1500 1262 valde
1585 1191 1589 1196 ’

271 1327 273 1332 ’
324 1316 518 1386 acuminato,

369 1431 451 1496 Hab.
479 1432 514 1495 in
527 1433 653 1516 pascuis
676 1431 848 1495 maritimis
865 1432 1025 1496 Corsicae:
1045 1431 1337 1502 Porto-t'eccbr'o,
1355 1453 1397 1495 es
1410 1429 1495 1496 dom.

324 1550 362 1615 Ε.
380 1546 560 1614 Reveliere.

360 1711 384 1763 A
405 1711 585 1780 praecedente
605 1708 786 1778 dignoscitur
808 1707 936 1761 umbella
951 1709 1078 1776 majore.
1101 1708 1220 1760 floribus
1235 1710 1322 1780 paulo
1337 1709 1498 1764 minoribus

324 1807 353 1853 et
368 1801 633 1864 numerosioribus,
662 1798 805 1869 perigonii
827 1798 942 1850 laciniis
957 1785 1194 1864 angustioribus,
1211 1815 1299 1852 nerro
1320 1799 1429 1852 dorsali
1450 1816 1499 1852 rn-

324 1890 399 1943 bello
415 1908 467 1944 nec
485 1889 623 1954 viridulo,
642 1887 786 1940 fructibus
804 1887 901 1939 minus
926 1886 1081 1956 depressis,
1104 1885 1182 1938 foliis
1209 1887 1391 1955 longioribus
1414 1889 1499 1943 Iatio-

325 1979 473 2052 ribnsque,
489 1980 648 2032 suberectis
665 1978 785 2031 dilutius
797 1971 966 2029 'virentibus
1322 1963 1328 1973 ’

360 2067 424 2120 Alia
443 2067 531 2136 hujus
552 2067 651 2135 gregis
673 2067 766 2119 forma
785 2065 830 2117 rel
850 2066 961 2135 species
978 2066 1122 2136 reperitur
1139 2083 1252 2136 qnoque
1269 2067 1300 2120 in
1315 2068 1441 2121 Corsica.
1457 2068 1498 2120 Ex

325 2157 533 2227 speciminibus
547 2156 628 2219 viris,
645 2173 662 2208 a
671 2155 709 2220 cl„
721 2154 838 2207 Mabille
851 2155 1018 2224 nuperrime
1027 2155 1153 2225 acceptis
1165 2162 1193 2207 et
1203 2157 1280 2209 circa
1289 2157 1388 2209 Bastia
1404 2157 1496 2213 lectis,
1517 2217 1521 2225 Ι

325 2245 506 2313 dignoscitur
524 2245 639 2298 laciniis
662 2244 805 2314 perigenii
821 2260 908 2296 nervo
933 2244 1040 2297 dorsali
1064 2245 1184 2314 pulchre
1206 2247 1332 2299 violaceo
1357 2247 1495 2317 praeditis.

324 2337 348 2390 Α
369 2337 398 2389 S.
411 2335 537 2388 stridula
556 2342 633 2389 certe
652 2335 774 2388 discedit
793 2334 871 2387 foliis
886 2334 1083 2398 brevioribus,
1099 2335 1316 2390 horizontaliter
1333 2336 1497 2406 patentibus

325 2441 377 2478 nec
403 2423 577 2488 suberectis,
606 2440 695 2493 supra
725 2422 820 2493 planis
845 2439 898 2474 nec
915 2421 1018 2474 leviter
1035 2429 1134 2475 centro
1158 2423 1372 2488 canaliculatis,
1396 2425 1497 2476 subtus

325 2515 410 2566 dorso
431 2512 493 2565 fere
505 2512 670 2564 ecarinatis.
693 2511 800 2564 Habitu
824 2511 920 2581 potius
937 2513 1025 2563 refert
1039 2513 1068 2564 S.
1085 2521 1234 2572 emissam,
1251 2514 1301 2566 sed
1312 2514 1398 2566 fiores
1411 2513 1497 2583 paulo

325 2603 450 2654 minores
461 2608 529 2653 sunt
542 2608 571 2654 et
580 2601 693 2654 laciniae
713 2602 798 2654 dorso
814 2601 941 2654 violaceo
960 2601 1118 2668 insignitae.

360 2688 463 2741 Planta
476 2689 596 2753 Gallica,
607 2690 638 2742 in
653 2705 724 2757 agro
740 2689 879 2744 telonensi
892 2689 969 2742 circa
986 2690 1080 2742 Olbios
1101 2707 1250 2754 crescens,
1263 2692 1299 2743 ad
1311 2692 1340 2743 S.
1359 2699 1497 2744 etmrscum

323 2782 432 2854 pariter
446 2782 566 2844 accedit,
584 2782 634 2834 sed
652 2787 748 2834 tamen
763 2781 793 2833 in
813 2798 876 2834 eam
888 2780 966 2832 haud
977 2780 1159 2833 exactissime
1175 2781 1307 2850 quadrat.
1322 2783 1391 2844 Quae
1401 2787 1496 2834 autem

324 2873 360 2924 ad
375 2888 441 2925 oras
458 2871 554 2939 stagni
569 2871 638 2923 dicti
662 2870 784 2922 Vendres
802 2886 891 2940 prope
906 2868 1023 2924 Bessara
1042 2869 1197 2922 invenitur.
1216 2869 1298 2922 valde
1314 2869 1438 2938 insignis
1455 2876 1498 2922 est

324 2967 442 3030 propter
468 2961 553 3014 flores
569 2977 676 3031 paucos
700 2960 884 3029 minoresque
901 2966 930 3012 et
949 2959 1019 3012 folia
1036 2966 1158 3030 utraque
1179 2960 1285 3030 pagina
1300 2959 1381 3012 ratde
1394 2960 1495 3030 pilosa.

325 3051 356 3103 ln
374 3049 437 3103 viro
451 3050 574 3103 ulterius
592 3051 766 3120 inquirenda
782 3057 826 3103 est
838 3056 865 3102 et
880 3067 945 3104 cum
958 3050 1069 3103 caeteris
1092 3051 1192 3104 sedulo
1206 3051 1409 3121 comparanda.
