3568 5626
398 632 428 684 ll
590 628 861 684 BREVIARIUM
887 627 1155 682 PLANTARi'rr
1181 627 1383 683 NOVARUM

669 970 759 1038 Grex
786 968 956 1062 Clypeoloe
977 968 1230 1058 joulbiospidis
1253 969 1291 1035 L.

422 1159 533 1209 Siliculee
556 1157 712 1208 orbicularee
730 1158 771 1207 vel
790 1157 1082 1218 uberate-orbiculares,
1104 1158 1221 1224 margine
1244 1159 1439 1208 membranaceo
1460 1158 1561 1216 cinctae,

393 1229 463 1293 apice
476 1230 641 1293 emarginatee
653 1229 757 1293 glabrae,
769 1228 810 1276 vel
822 1228 879 1292 pilis
889 1227 995 1278 laevibus
1003 1228 1182 1292 plnsminusve
1195 1229 1285 1279 obsitae
1294 1235 1339 1280 aut
1347 1234 1446 1280 tanturn
1456 1229 1561 1286 ciliatae;

392 1299 454 1349 solia
465 1299 681 1362 lineari-oblonga
696 1299 737 1347 vel
750 1298 907 1363 spathulata,
919 1299 1023 1360 obtusa;
1038 1299 1124 1348 caules
1135 1303 1240 1361 ramosi,
1255 1301 1310 1350 basi
1323 1300 1497 1351 ascendentes.

405 1425 473 1474 ¹Ores.
487 1431 570 1474 Plures
578 1433 686 1474 auctores
695 1427 799 1484 speciem
813 1427 910 1472 siliculae
927 1427 1010 1481 forma,
1027 1428 1190 1483 magnitudine
1207 1432 1231 1471 ot
1247 1429 1400 1484 pubescentia
1415 1428 1561 1481 variabilem,

390 1491 467 1536 inhoo
482 1506 555 1550 grege
571 1494 663 1537 unicam
680 1504 733 1534 esse
748 1495 849 1548 ponunt;
865 1491 906 1534 sed
923 1495 1006 1535 errant
1019 1491 1131 1546 graviter,
1150 1493 1175 1533 ut
1190 1491 1285 1534 videtur
1291 1503 1296 1542 ;
1314 1505 1368 1536 nam
1384 1493 1559 1536 characterese

389 1555 483 1598 silicula
498 1555 647 1612 depromptos
666 1556 745 1598 firmos
758 1567 812 1597 esse
833 1567 877 1597 nec
898 1554 1022 1597 instabiles
1041 1555 1135 1598 cultura
1148 1566 1212 1597 nunc
1224 1555 1325 1599 edocuit.
1341 1557 1389 1600 Alii
1404 1557 1463 1600 duas
1477 1555 1563 1599 admit-

390 1620 443 1660 tunt
451 1618 541 1674 species
551 1618 704 1674 pubescentia
712 1617 810 1660 siliculae
818 1629 901 1672 nempe
910 1615 1046 1668 variabiles,
1057 1616 1163 1672 ejusdcm
1173 1616 1246 1659 torma
1257 1619 1280 1659 et
1290 1619 1453 1673 magnitudine
1464 1618 1561 1673 dignos·

390 1683 485 1727 condas.
499 1683 560 1726 Huic
572 1684 649 1724 autem
664 1680 777 1735 opinioni,
790 1691 862 1735 quum
875 1679 963 1734 plautae
977 1679 1130 1724 inveniantur
1141 1679 1220 1735 plures
1237 1680 1300 1724 notis
1311 1681 1422 1725 indicatis
1437 1682 1562 1725 evidenter

391 1745 543 1798 intermediae,
553 1743 699 1800 experientia
708 1745 731 1785 et
743 1743 802 1785 ratio
815 1742 894 1796 logica
905 1741 976 1784 simul
985 1742 1159 1786 contradicunt.

435 1874 661 1955 CLYPEOLA
686 1873 971 1952 PSILOCARPli,
991 1872 1130 1938 siliculis
1146 1873 1415 1951 suborbioulaiis,
1433 1875 1562 1962 penitus

388 1993 528 2080 glabris,
548 1993 638 2078 apice
663 1989 775 2055 obtuse
800 1991 1032 2076 emarginaiis3
1065 1989 1153 2076 stylo
1179 1993 1458 2076 emarginaturam
1475 1988 1561 2056 haud

387 2114 548 2195 aequanie3
565 2105 654 2171 foliis
668 2105 830 2194 oblongis,
851 2107 1030 2179 subaouiis,
1049 2106 1174 2172 inferne
1189 2107 1285 2196 longe
1302 2110 1491 2176 attenuatis,
1515 2117 1523 2124 “

433 2224 515 2290 Hab.
531 2225 565 2288 in
579 2223 702 2288 saxosis
716 2225 836 2309 apricis
849 2223 1007 2289 calcareis
1023 2223 1138 2291 Galliae
1151 2225 1319 2290 orientalis
1335 2246 1342 2290 :
1359 2225 1561 2292 Serrtdres·

388 2341 583 2409 de-Bra'orol
599 2338 707 2412 (Aia).

423 2489 527 2544 Planta
543 2488 708 2560 procerula,
727 2488 849 2542 racemis
863 2489 1024 2543 fructiferis
1040 2507 1117 2562 saepe
1133 2491 1287 2562 elongatis.

431 2703 656 2771 cnrreom
672 2703 942 2778 nrrrnroom,
954 2704 1091 2771 sarriens
1106 2707 1304 2787 rotundatis,
1315 2711 1405 2796 apice
1421 2663 1559 2796 anguste

387 2811 609 2906 emarginaiis,
624 2819 711 2884 disco
722 2819 847 2906 glabro,
860 2821 1008 2907 margine
1021 2802 1195 2889 latiusoulo
1209 2825 1285 2909 pilis
1299 2825 1407 2891 densis
1415 2828 1557 2906 obteotm

386 2929 473 3023 stylo
489 2936 677 3002 abbreviato
694 2939 937 3022 emarginaiura
959 2937 1056 3003 valde
1083 2938 1254 3020 breviore;
1283 2941 1370 3007 foliis
1394 2943 1555 3032 oblonga,

385 3053 565 3126 subaouiis,
584 3051 710 3117 inferne
726 3055 916 3124 attenuatis.

430 3153 514 3236 Hab.
533 3171 567 3233 in
584 3168 722 3234 collibus
736 3171 855 3254 apricis
865 3171 987 3262 ¹Galliae
1003 3173 1178 3239 australis:
1195 3173 1428 3262 Sciat-Reme
1441 3179 1558 3252 (Bou-

387 3285 701 3359 obes-du-Rbdae).

350 3461 351 3464 ¹
420 3439 444 3492 A
461 3439 651 3510 praecedente,
667 3446 773 3510 practer
786 3444 949 3512 marginem
966 3447 1055 3500 dense
1071 3447 1211 3516 ciliatum,
1228 3451 1349 3506 siliculae
1364 3453 1458 3508 forma
1472 3455 1557 3526 paulo

385 3527 517 3596 longiore
532 3534 560 3582 et
574 3529 791 3597 emarginatura
809 3534 977 3601 angustiore
998 3536 1196 3605 distinguitur.

420 3616 552 3670 Plantam
568 3617 635 3671 huic
649 3617 765 3671 affinem
776 3635 811 3672 ea
820 3620 914 3674 Attica
928 3639 944 3675 a
957 3623 1031 3677 dom.
1046 3625 1175 3695 Sprnner
1187 3630 1359 3700 accepimns,
1370 3635 1558 3704 pubescentia

385 3705 506 3783 siliculae
521 3706 656 3772 similem,
672 3708 722 3760 sed
737 3707 859 3762 siliculis
876 3711 1030 3782 conspicue
1046 3716 1205 3784 majoribus
1226 3721 1442 3793 seminibusque
1457 3729 1556 3778 ovato-

385 3795 546 3848 rotundatis
562 3811 614 3848 nec
629 3802 752 3863 anguste
765 3797 855 3852 ovatis
871 3801 1060 3868 probabiliter
1076 3803 1227 3860 diversam.

430 3990 657 4058 CLYPEOLA
671 3993 794 4068 ΡΕΤΗ,
810 3994 1026 4062 AEAsilioulis
1048 4000 1446 4087 rotundato-orbiculatis,
1467 4012 1557 4097 apice

383 4108 528 4174 breviter
544 4117 577 4175 et
591 4117 724 4196 angusta
738 4113 961 4197 marginatis,
980 4115 1055 4200 pilis
1072 4114 1160 4182 laxis
1171 4119 1313 4206 undique
1326 4122 1455 4204 obsitis;
1469 4128 1555 4212 stylo

383 4226 440 4292 vix
461 4225 545 4299 ullo,
576 4227 610 4290 in
639 4229 883 4314 emarginaiura
905 4229 1063 4316 profunde
1087 4234 1253 4314 immers03
1281 4237 1369 4306 foliis
1390 4241 1552 4328 oblongis,

383 4341 562 4414 subacutis,
582 4341 709 4422 inferne
727 4345 917 4410 attenuatis.

426 4456 508 4523 Hab.
529 4458 564 4522 in
578 4458 712 4525 collibus
732 4461 850 4547 apricis
873 4460 989 4527 Galliae
1006 4465 1160 4532 australis
1177 4487 1184 4532 :
1203 4459 1366 4538 Doaadre
1384 4475 1552 4552 (Dedere),

384 4580 445 4640 etc.

418 4728 582 4799 Specimina
597 4731 685 4801 hujus
703 4751 738 4788 ex
752 4735 850 4788 multis
866 4735 994 4804 regionis
1010 4741 1225 4798 mediterraneae
1240 4746 1310 4800 locis
1325 4751 1497 4820 accepimus.
