3568 5626
699 609 1055 667 ODONTARRHENA

387 1003 478 1072 Grex
498 965 788 1096 Alyssiorpcittei
801 1001 902 1072 duct.
918 1042 968 1054 —
996 999 1165 1074 aunario
1184 1007 1361 1095 crpeuleae

699 1126 764 1197 All.
781 1147 891 1198 sensu
906 1128 1044 1199 latiore.

318 1305 424 1356 Racemi
439 1304 517 1355 dense
529 1302 836 1368 corymboso·lastigiati;
845 1304 933 1368 petala
945 1304 1072 1366 obovata3
1085 1305 1191 1357 siliculas
1204 1307 1296 1372 planae,
1311 1309 1458 1360 suborbicu·

287 1375 347 1425 latae
358 1375 399 1424 vel
412 1374 665 1439 elliptico-onovatae,
678 1373 746 1437 pube
760 1373 864 1424 stellata
880 1373 938 1438 plus
948 1375 1064 1425 minusve
1079 1376 1204 1439 obductae,
1220 1379 1287 1442 stylo
1303 1379 1461 1444 longiusculo

285 1447 440 1506 terminatam
451 1446 550 1495 semina
559 1444 710 1510 plerumque
722 1445 774 1495 late
782 1445 928 1510 marginata
939 1462 946 1506 ς
959 1445 1019 1495 lolia
1031 1447 1265 1512 oblongo-obovate
1277 1452 1316 1501 vel
1332 1451 1444 1518 oblonga
1454 1469 1461 1514 ;

286 1517 372 1568 caules
384 1532 451 1581 saepe
464 1515 586 1581 elongati,
599 1517 676 1565 erecti
687 1515 727 1564 vel
738 1515 879 1577 subdiffusi,
889 1516 1009 1566 herbacei
1023 1517 1064 1567 vel
1078 1518 1133 1568 basi
1146 1519 1366 1573 suffrutescentes.

318 1590 408 1640 Plures
420 1589 517 1654 species
525 1587 683 1638 intermediae
692 1588 758 1638 inter
768 1587 834 1637 hunc
845 1591 871 1638 et
884 1588 913 1639 O.
926 1589 1060 1650 alpestris
1072 1605 1179 1656 gregem
1190 1592 1327 1644 transitum
1336 1594 1459 1659 praebent.

332 1805 684 1875 ODONTARRHENA
709 1805 911 1885 DIFFUSA‚
937 1805 1075 1872 racemis
1100 1813 1212 1892 aperte
1241 1809 1458 1895 corymbosis‚

287 1923 453 2002 brevibus;
477 1922 614 1989 siliculis
635 1920 824 2010 majusculis
848 1919 1028 2007 pedunculo
1051 1922 1162 2008 patulo
1183 1923 1383 2011 longioribus
1408 1927 1461 1992 vel

289 2043 317 2104 ei
345 2039 620 2124 subaequilongiS,
647 2037 716 2104 late
743 2037 1070 2124 elliptico-obovatis,
1094 2038 1182 2123 stylo
1207 2039 1254 2104 eis
1283 2040 1461 2128 quadruplo

289 2156 439 2222 breviore
457 2153 648 2241 apiculatis3
664 2154 753 2220 foliis
771 2153 1090 2232 obovato-cuneatiS,
1111 2158 1236 2230 acutis,
1253 2156 1461 2222 inferioribus

290 2271 650 2357 obovalo-spathulatis
679 2270 925 2344 rotundatisve,
957 2270 1068 2335 subtus
1100 2274 1280 2356 praesertim
1313 2274 1457 2352 incenis3

290 2388 436 2456 caulibus
461 2387 682 2468 abbreviatis,
713 2387 779 2452 basi
810 2387 967 2461 ramosis,
990 2380 1469 2478 prostrato-ascendentibus,

290 2504 436 2584 diffusis,
456 2505 626 2578 tortuosis,
648 2523 785 2590 superne
808 2509 957 2590 patenter
971 2506 1326 2592 ramoso-corymbosis.

333 2622 415 2689 Hab.
434 2624 468 2688 in
493 2628 602 2688 monte
623 2623 771 2688 Tribola
794 2621 910 2687 insulae
940 2623 1033 2688 Terei.
1063 2623 1201 2706 (Sertori
1218 2624 1253 2688 in
1272 2622 1457 2701 Heldreich,

195 2723 198 2728 ’
291 2739 388 2806 Flor.
409 2759 517 2825 prcec.
539 2738 678 2820 exsicc.)

325 2934 368 2988 Ab
383 2933 414 2987 O.
426 2939 562 3002 arpenteo
574 2929 651 2998 (All.)
664 2927 760 2981 differt
768 2926 930 2998 praesertim
941 2926 1073 2981 caulibus
1084 2927 1198 2982 diffusis
1212 2930 1459 3003 brevioribusque,

291 3022 413 3077 racemis
434 3020 625 3086 abbreviatis,
646 3017 769 3072 siliculis
785 3015 867 3070 valde
889 3015 1048 3086 majoribus
1063 3022 1091 3069 et
1109 3018 1205 3086 magis
1222 3019 1336 3074 inferne
1353 3037 1463 3090 angus-

290 3113 367 3168 tatis.

325 3202 367 3255 Ab
383 3199 414 3252 Ο.
430 3199 538 3252 rrruroli
550 3197 686 3268 (Waldst.
703 3201 731 3249 et
742 3195 823 3262 Kit.),
841 3195 964 3249 siliculis
981 3195 1136 3267 conspicue
1150 3199 1309 3269 majoribus
1326 3202 1389 3256 basi
1410 3220 1461 3256 an·
1505 3235 1509 3244 ·
1540 3201 1544 3209 '

291 3289 428 3358 gustatis,
441 3289 574 3343 caulibus
589 3285 769 3341 brevioribus
789 3286 849 3339 iere
865 3284 1029 3357 prostratis,
1046 3285 1237 3358 corymboque
1253 3289 1333 3343 valde
1351 3290 1461 3346 minore

292 3380 411 3434 recedit.

328 3468 542 3522 Odontarrhena
560 3475 696 3537 arpentea
708 3467 766 3522 All.
778 3467 832 3521 sub
845 3467 986 3532 Luceria,
998 3467 1178 3522 Pedemontii
1191 3467 1297 3534 incola,
1310 3467 1341 3521 in
1354 3467 1461 3539 plantis

293 3573 411 3628 prorsus
427 3557 531 3611 alienis
545 3575 622 3628 saepe
637 3575 654 3611 a
668 3557 802 3628 pluribus
816 3555 976 3626 inexpertis
993 3555 1136 3610 immerito
1152 3556 1284 3627 quaesita,
1297 3557 1372 3610 notis
1387 3575 1462 3628 prae-

292 3648 392 3701 sertim
409 3648 596 3718 sequentibus
616 3647 811 3702 discernitur:
829 3646 951 3701 racemis
968 3629 1160 3713 longiusculis
1176 3646 1291 3699 tandem
1308 3645 1461 3710 confertis,

291 3736 413 3790 siliculis
424 3737 519 3807 parvis
535 3736 891 3808 subellipticorotundatis
900 3741 1022 3805 utroque
1033 3735 1113 3806 apice
1124 3735 1276 3806 paululum
1288 3735 1461 3804 angustatis,

291 3827 368 3881 loliis
378 3827 643 3896 oblongocuneatis
652 3827 697 3880 vel
706 3826 983 3896 oblongo-obovatis,
994 3827 1126 3881 caulibus
1140 3823 1380 3896 erectis‘superne
1395 3839 1463 3878 con·

292 3917 388 3971 fartim
406 3916 757 3988 corymboso-fastigiatis
1378 3927 1382 3939 ’·

326 4007 459 4060 Plantam
483 4006 588 4060 evelle
607 4008 740 4074 Augusta
758 4005 938 4060 Praetoriana
960 4007 991 4060 in
1009 4005 1144 4061 herbario
1167 4005 1308 4058 habemus
1329 4006 1463 4075 corymbo

292 4111 388 4168 parvo,
404 4095 537 4150 caulibus
553 4095 712 4164 gracilibus
726 4093 862 4148 flexuosis
877 4095 1013 4166 foliisque
1029 4095 1134 4149 eximie
1151 4093 1463 4165 obovato-spathulatis

293 4185 446 4240 notabilem
461 4191 490 4239 et
502 4185 690 4256 probabiliter
705 4201 723 4237 a
735 4201 803 4238 vera
820 4185 851 4237 0.
867 4194 1002 4255 arpentec
1012 4184 1259 4254 distinguendam
1271 4185 1321 4238 sed
1335 4184 1463 4238 siliculas

293 4275 405 4328 adultas
421 4274 549 4328 nondum
564 4273 699 4327 vidimus.
1448 4335 1454 4346 ¹

327 4366 395 4430 Quae
414 4365 445 4417 in
462 4364 575 4418 Visiani
598 4364 644 4419 Fl.
661 4363 775 4416 dalmat.
794 4379 845 4434 pro
857 4363 956 4432 Alysso
974 4372 1107 4435 ermenteo
1128 4364 1313 4429 describitur,
1337 4362 1462 4434 speciem

292 4471 326 4508 ex
340 4459 437 4508 nostro
453 4471 542 4508 sensu
558 4452 722 4507 distinctam
738 4452 899 4513 constituit,
916 4453 1039 4508 siliculis
1056 4455 1230 4525 majoribus,
1243 4453 1384 4525 corymbis
1401 4469 1462 4506 ma·

292 4543 337 4612 gis
354 4542 462 4614 apertis
478 4542 658 4614 racemisque
673 4542 851 4597 brevioribus
865 4561 882 4597 a
896 4560 963 4603 vera
980 4544 1010 4596 0.
1022 4553 1157 4614 arpenteu
1170 4542 1406 4611 dignoscendam.

330 4632 544 4686 Odontorrbend
562 4633 683 4686 muralis
701 4631 828 4687 Waldst.
843 4637 871 4685 et
892 4632 951 4686 Kit.
968 4634 1021 4686 sub
1036 4632 1149 4700 rilpsso,
1166 4649 1181 4685 e
1196 4630 1415 4686 Transsilvania
1434 4635 1463 4682 et

294 4724 417 4784 Bonam,
442 4740 518 4794 saepe
535 4739 600 4779 curn
620 4723 650 4776 0.
668 4730 805 4792 arpentae
822 4721 901 4790 (All.)
917 4721 1056 4787 confusa,
1073 4723 1108 4776 ab
1124 4721 1178 4776 hac
1200 4727 1261 4776 tuto
1279 4719 1469 4798 dignoscitur,
