3568 5626
674 633 676 638 ,
764 578 983 634 VERONICA

288 934 377 1004 Grex
395 932 595 1007 Aearrbini
608 937 805 1030 bellidisotii
819 939 915 1010 Desf.
927 977 976 990 -
986 936 1193 1009 Aretirrbiei
1206 937 1403 1028 bellidisolii
1412 939 1452 1008 b.

316 1115 391 1172 FOlia
405 1119 527 1172 radicalia
544 1123 776 1188 oblongo-eborata
792 1123 883 1173 obtusa
899 1123 1057 1188 inaequaliter
1074 1129 1181 1186 serrata,
1198 1126 1297 1175 caulina
1311 1127 1353 1175 5-7
1363 1129 1457 1192 partita

286 1195 327 1244 val
337 1196 449 1262 integra,
459 1194 555 1246 laciniis
569 1194 706 1244 linearibus
717 1194 896 1259 integerrimis.

328 1413 622 1500 nnnnnnruun
646 1433 871 1504 consrcuu,
894 1434 1030 1498 racemis
1046 1431 1218 1528 rainere
1241 1432 1369 1498 corona
1390 1455 1455 1500 οω-

283 1550 381 1616 ruleee
396 1549 465 1616 basi
479 1550 668 1616 ventricosae
682 1549 764 1614 labio
783 1550 945 1636 superiore
960 1571 1056 1636 supra
1068 1550 1214 1616 revoluto
1224 1551 1360 1618 inferius
1371 1552 1455 1618 haud

283 1675 449 1753 aequante,
477 1659 628 1734 inferiore
648 1675 814 1754 porrecto,
833 1666 988 1753 profunde
1005 1666 1141 1740 trilobo,
1167 1668 1290 1732 calcare
1310 1667 1451 1755 gibboso,

283 1783 481 1862 brevissima
500 1784 585 1849 foliis
596 1783 787 1848 radicalibus
802 1783 958 1870 oblongis,
974 1782 1043 1847 basi
1060 1781 1153 1870 longe
1171 1785 1357 1856 attenuatis,
1377 1784 1454 1848 bre-

242 1967 244 1972 ,
283 1899 367 1964 viter
382 1898 598 1965 denticulatis.

217 2072 221 2081 .
324 2015 405 2082 Hab.
430 2017 463 2080 in
486 2017 603 2102 pinetis
627 2019 782 2083 montium
807 2018 946 2084 Corsicae
971 2018 1137 2084 centralis:
1164 2020 1354 2092 Bastetr'co,
1374 2026 1450 2091 etc,

281 2152 321 2196 ex
344 2131 428 2232 dom.
450 2134 487 2198 E.
508 2133 687 2200 Reveliere.

315 2301 447 2356 Racemis
469 2300 608 2370 laxilloris
628 2303 662 2354 A.
685 2302 850 2371 taxillorum
871 2303 962 2356 Boias.
985 2302 1140 2373 quidquam
1161 2301 1263 2365 refert,
1282 2301 1332 2353 sed
1345 2303 1380 2354 ab
1399 2301 1452 2355 hoc

280 2393 393 2447 abunde
406 2392 550 2462 d³screpat
564 2392 684 2446 floribus
695 2392 828 2446 caeruleis
845 2410 897 2446 nec
914 2392 1032 2457 albidis,
1049 2393 1118 2445 tubo
1138 2390 1251 2445 corollae
1267 2390 1344 2444 haud
1356 2407 1454 2460 aequa-

280 2481 345 2535 liter
359 2473 539 2553 cylindraeeo
550 2523 556 2547 ,
568 2483 648 2536 brevi
666 2500 718 2536 nec
730 2483 819 2537 calice
835 2483 921 2554 triplo
938 2483 1079 2551 longiore,
1097 2482 1185 2534 limbo
1202 2481 1283 2534 valde
1297 2479 1454 2548 irregulari

280 2585 332 2622 nec
352 2570 551 2638 subregulari,
572 2571 684 2624 calcare
706 2571 888 2625 subabortivo
911 2587 963 2624 nec
982 2573 1082 2624 tubum
1103 2576 1245 2640 aequante,
1263 2568 1361 2621 calicis
1379 2567 1451 2620 lobis

279 2658 539 2714 lineari-subulatis
556 2678 608 2714 nec
628 2661 911 2728 ovato-lanceolatis3
933 2662 1047 2714 tandem
1063 2660 1140 2714 foliis
1160 2658 1346 2712 inferioribus
1366 2656 1451 2727 paulo

279 2745 429 2801 latioribus
442 2749 592 2820 magisque
605 2750 738 2803 dentatis.
1351 2729 1355 2742 Ι

313 2837 356 2890 Ab
379 2837 416 2889 Α.
434 2838 596 2908 bellidifolio
611 2839 675 2906 (b),
699 2856 716 2891 a
738 2840 855 2894 Linnaeo
872 2841 950 2893 circa
970 2840 1145 2907 Lugdunum
1167 2838 1303 2897 indicato,
1317 2835 1364 2905 (A.
1377 2836 1451 2890 Lin-

278 2941 378 2978 eaeano
405 2927 489 2994 Nob.)
504 2926 612 2979 recedit
626 2927 740 2980 corollae
761 2929 829 2981 tubo
846 2929 908 2981 basi
927 2928 1027 2982 inflato
1043 2944 1096 2980 nec
1115 2926 1238 2998 aequali,
1264 2926 1340 2979 labio
1363 2943 1450 2996 supe·

279 3015 353 3069 riore
377 3033 466 3087 supra
481 3016 608 3070 revoluto
630 3035 682 3070 nec
708 3023 813 3082 erecto,
835 3017 973 3070 inferiore
989 3023 1119 3086 porrecto
1136 3033 1189 3070 nec
1204 3016 1320 3080 reflexo,
1338 3014 1448 3068 calcare

277 3107 412 3164 subnullo
424 3125 476 3161 nec
486 3107 681 3176 longiuscula
690 3110 812 3162 racemis
823 3108 988 3179 paucidoris
997 3107 1166 3171 laxioribus,
1178 3106 1254 3160 foliis
1262 3105 1448 3158 inferioribus

277 3187 494 3263 angustioribus
506 3199 677 3270 breviusque
690 3200 824 3264 dentatis,
838 3199 937 3252 habitu
950 3197 1114 3252 humiliore.

311 3283 414 3338 Planta
432 3287 467 3339 ab
483 3287 690 3356 Hoffmansegg
703 3295 731 3342 et
743 3289 827 3354 Link,
847 3289 877 3341 in
901 3289 985 3342 Flora
999 3288 1175 3352 Lusitanica,
1192 3287 1248 3340 PL.
1271 3285 1324 3350 32,
1341 3283 1446 3356 optime

275 3375 408 3441 figurata,
421 3377 455 3429 ab
471 3375 508 3428 A.
522 3377 681 3431 Linnoearw
690 3378 867 3447 lugdunensi
881 3384 957 3432 certe
973 3378 1068 3431 differt
1083 3377 1204 3430 racemis
1214 3375 1383 3439 laxioribuS,
1395 3374 1447 3427 flo-

276 3463 355 3516 ribus
371 3465 529 3534 majoribus
545 3467 704 3521 subalbidis
720 3474 748 3520 et
760 3469 836 3522 foliis
848 3468 1022 3522 radicalibus
1035 3468 1115 3538 apice
1128 3467 1278 3520 latioribus
1298 3463 1447 3534 magisque

276 3555 446 3608 rotundatis.
462 3555 531 3609 Eam
545 3558 660 3611 nomine
671 3562 707 3612 Α.
725 3560 870 3614 lusitanici
881 3561 1090 3627 designandam
1104 3575 1264 3614 censemus.

507 4106 597 4174 Grex
619 4103 794 4176 Vercnfeoe
808 4108 1032 4200 cymbala-rice
1045 4109 1196 4180 Bodard.

302 4297 438 4347 Pedunculi
453 4297 580 4359 exiberes,
600 4300 714 4360 solitarii,
730 4300 852 4351 fructiferi
871 4303 967 4363 rederi,
983 4304 1126 4368 superiores
1144 4306 1204 4356 folio
1219 4307 1361 4372 longiores3
1381 4310 1441 4359 folia

270 4370 510 4421 ovato-subcordata
523 4372 564 4420 vel
579 4373 790 4435 semiorbieulata‚
806 4370 1021 4435 fobeto-crenata3
1032 4377 1136 4440 capsula
1149 4377 1265 4441 globosa,
1276 4380 1439 4444 quadriloba3

270 4441 354 4490 calicis
362 4441 459 4492 laciniae
473 4442 597 4508 ellipticae,
608 4444 744 4495 fructiferae
753 4447 946 4511 patentissimam
957 4447 1033 4496 dores
1042 4447 1100 4498 albi.

314 4649 535 4718 VERONICA
561 4653 746 4764 BQDARDI
768 4656 821 4729 (V.
844 4655 1068 4738 Geredotere'a
1090 4657 1216 4755 Bodard
1238 4659 1313 4726 diss.
1341 4660 1435 4733 1798,
