3568 5626
383 603 400 654 a
560 601 836 654 enavinniun
863 559 1131 654 r›n.iurlnmi
1163 599 1375 653 novenum

381 743 466 832 foliis
483 744 761 810 rhombeo-ovatis
782 743 1021 821 rotundatisve,
1038 740 1261 812 acutiusculis,
1287 761 1396 826 grosse
1421 747 1452 805 et
1472 740 1550 804 sub-

382 869 473 926 acute
497 861 647 930 arenatis,
667 859 884 944 planiuscnlis,
906 865 1041 940 utraque
1062 857 1176 942 pagina
1191 863 1223 953 et
1236 855 1275 919 ad
1291 857 1443 941 petiolum
1456 855 1553 919 dense
1635 839 1638 846 ¹

382 979 501 1063 pilosis.
925 1041 928 1054 ,
1253 1040 1256 1048 .

425 1095 505 1160 Hab.
523 1097 556 1160 in
572 1095 702 1160 Corsica
717 1114 723 1158 :
740 1093 1035 1164 Porto-Veromo,
1057 1113 1096 1156 ex
1111 1092 1195 1156 dom.
1215 1094 1251 1157 E.
1269 1090 1446 1158 Reveliere.

416 1254 509 1323 Hujus
535 1254 641 1324 speciei
663 1253 806 1324 copiosam
829 1252 1018 1322 speciminum
1048 1252 1190 1306 siccorum
1220 1243 1405 1322 rivorumque
1430 1267 1551 1304 messem

381 1358 398 1393 a
414 1342 488 1394 dom.
501 1343 532 1395 Ε.
547 1343 694 1396 Reveliere
712 1341 884 1410 accepimus.
902 1341 1034 1410 Plantam
1057 1341 1144 1392 simul
1163 1357 1177 1392 e
1197 1340 1258 1393 loco
1276 1339 1365 1394 natali
1387 1339 1503 1392 allatam
1524 1345 1552 1390 et

381 1447 416 1484 ex
431 1432 589 1484 seminibus
603 1432 733 1484 eductam
749 1431 779 1482 in
797 1431 878 1484 horto
896 1430 995 1492 sedulo
1011 1430 1234 1488 observavimus,

405 1521 484 1573 ‘Haec
503 1520 612 1590 species
630 1537 646 1572 a
663 1519 841 1589 praecedente
861 1519 959 1570 differt
975 1519 1074 1570 habitu
1094 1519 1203 1571 minore
1223 1518 1351 1571 omnium
1368 1519 1507 1588 partium,
1521 1519 1550 1570 in

380 1611 478 1664 eodem
498 1610 576 1674 1000,
590 1616 618 1662 et
638 1609 797 1679 praesertim
814 1609 883 1661 llore
906 1608 1030 1672 minore,
1047 1607 1166 1677 carpelli
1180 1613 1271 1660 rostro
1291 1607 1421 1660 tenuiore
1445 1607 1552 1674 magis-

380 1717 434 1770 que
452 1715 585 1764 recurvo,
597 1699 674 1751 foliis
692 1698 864 1768 profundius
882 1697 1005 1749 dentatis
1020 1703 1047 1749 et
1063 1697 1213 1750 obscurius
1227 1697 1400 1761 virentibus,
1416 1695 1551 1765 utrinque

306 1858 307 1862 Ἰ
343 1824 345 1829 ψ
380 1788 480 1858 pilosis
505 1805 557 1840 nec
582 1805 670 1858 supra
692 1787 885 1855 glaberrimis.
905 1786 1217 1856 Praetereapraecocior
1234 1792 1277 1838 est
1295 1791 1323 1838 et
1346 1791 1498 1849 autumno,
1520 1784 1550 1835 in

380 1877 476 1943 horto,
495 1879 557 1947 jam
588 1879 707 1931 fioribus
729 1876 928 1946 fructibusque
952 1877 1071 1942 gaudet,
1093 1877 1160 1928 dum
1186 1876 1314 1928 africane
1336 1874 1434 1944 planta
1455 1873 1551 1940 vigere
1582 1919 1583 1922 ,

379 1966 552 2037 lixanupn.
1567 1951 1569 1954 ’

415 2053 512 2107 Tertia
524 2055 652 2124 ejusdem
669 2055 766 2122 gregis
782 2054 884 2116 forma,
897 2053 1111 2123 foliis'superne
1125 2053 1240 2106 omnino
1259 2051 1367 2120 glabris
1382 2051 1547 2122 conspicua,

379 2141 464 2194 etiam
485 2143 629 2212 reperitur
646 2143 676 2194 in
697 2143 826 2205 Corsica,
841 2158 929 2212 prope
942 2142 1076 2210 Ajacem,
1089 2143 1166 2194 unde
1191 2141 1356 2210 nuperrime
1371 2141 1433 2192 viva
1458 2141 1552 2210 speci-

381 2231 459 2306 mina
471 2248 487 2282 a
497 2232 571 2284 dom.
584 2233 618 2284 de
629 2231 758 2301 Marsilly
768 2230 946 2300 accepimus3
963 2231 1024 2282 haec
1042 2231 1124 2283 nobis
1143 2230 1256 2282 videtur
1271 2229 1387 2299 propria
1404 2228 1512 2297 species
1524 2234 1552 2280 et

380 2319 503 2372 nomime
523 2320 558 2374 R.
579 2321 720 2372 senricnloi
741 2320 947 2387 designandam
975 2336 1135 2372 censemus.
1157 2319 1262 2372 Habitu
1280 2319 1314 2370 R.
1339 2317 1550 2386 rhombifolium

380 2409 473 2476 potius
494 2410 598 2474 refert,
618 2410 668 2461 sed
689 2409 766 2461 foliis
788 2427 876 2479 supra
895 2409 1078 2475 glaberrimis
1098 2409 1189 2474 magis
1207 2407 1366 2461 rotundatis
1380 2407 1550 2475 breviusque

333 2500 334 2506 ’
379 2498 502 2552 crenatis
519 2498 706 2564 dignoscitur.
721 2498 791 2550 Aa.
805 2497 970 2566 supratacto
987 2497 1095 2549 recedit
1111 2496 1248 2566 parvitate
1267 2495 1395 2548 omnium
1412 2495 1548 2563 partium,

378 2589 448 2640 flore
461 2587 620 2656 praesertim
630 2586 711 2638 valde
724 2585 847 2650 minore,
862 2585 980 2655 carpelli
999 2591 1091 2638 rostro
1104 2584 1233 2637 tenuiore
1255 2590 1282 2636 et
1304 2583 1395 2650 magis
1415 2598 1548 2645 recurre,

378 2677 455 2731 foliis
480 2675 622 2728 intensius
640 2675 817 2740 virentibus,
836 2676 871 2727 ad
891 2667 1025 2744 paginam
1044 2674 1210 2727 inferiorem
1233 2680 1261 2728 et
1280 2671 1416 2743 petiolum
1434 2671 1549 2738 longius

380 2765 555 2834 densiusque
569 2766 678 2836 pilosis.
875 2769 876 2772 ’

821 2951 1112 2960 ---

720 3169 809 3238 Grex
826 3168 1020 3258 Papaveris
1041 3169 1143 3277 dubii
1160 3169 1198 3238 t.

410 3349 518 3414 Capsnla
530 3351 648 3414 oblonga,
667 3351 707 3399 vel
722 3350 964 3414 oblongo-eborata,
974 3351 999 3398 in
1015 3350 1095 3398 basim
1107 3349 1200 3398 sensim
1216 3353 1361 3408 attenuata,
1378 3323 1481 3411 glabra;
1492 3363 1548 3398 cau-

378 3421 409 3469 lis
422 3422 581 3480 multiflorus‚
598 3427 715 3486 patenter
727 3423 849 3484 hispidus,
861 3421 1129 3485 setispedunculorum
1145 3419 1273 3483 adpressis
1286 3435 1292 3480 3
1307 3419 1373 3468 soliis
1387 3419 1528 3483 bipennatis
1541 3458 1547 3480 ‚

378 3493 474 3542 laciniis
483 3493 754 3556 oblongo-lanceolatis
769 3493 887 3542 dentatis.

422 3718 627 3785 rolriiunn
653 3702 951 3790 nneusruuung
981 3716 1113 3782 florinus
1129 3716 1245 3802 pansae
1268 3717 1395 3793 rubria
1421 3715 1549 3803 capsus
1579 3696 1582 3702 ’

378 3842 511 3921 anguste
526 3835 817 3922 oblongo-clavata,
838 3836 994 3922 elongata,
1016 3836 1104 3920 apice
1121 3841 1294 3906 contracta,
1316 3835 1439 3898 inferne
1455 3834 1549 3921 longe

378 3958 543 4016 attenuata
569 3952 699 4037 basique
722 3952 837 4017 leviter
861 3958 1048 4024 coarctata,
1080 3952 1166 4016 diseo
1191 3971 1332 4018 convexo
1347 3987 1365 3998 -
1382 3951 1548 4015 subconico

379 4067 514 4153 capsulae
528 4067 730 4132 latitudinem
755 4067 839 4132 haud
856 4075 1013 4153 aequante,
1038 4069 1142 4132 crenis
1160 4067 1437 4145 subindistinctis;
1464 4070 1547 4154 stig-

378 4183 517 4248 matibus
531 4183 606 4253 7-8,
623 4182 702 4247 disci
714 4185 890 4268 marginem
907 4183 1116 4269 aequantibus.

422 4298 502 4363 Hab.
523 4299 556 4363 in
576 4300 694 4384 campis
708 4300 820 4365 Galliae
833 4301 983 4390 centralis
1000 4321 1006 4364 :
1027 4299 1136 4366 Nc'ra's
1157 4314 1171 4374 (
1180 4303 1327 4378 Aliter),
1344 4323 1384 4366 ex
1399 4302 1483 4368 dom.
1503 4304 1543 4368 H.

378 4417 517 4484 Navier..

414 4576 439 4628 A
448 4575 594 4643 Papavere
607 4575 726 4629 oromate
738 4577 816 4630 Jord.
828 4577 923 4662 differt
933 4577 1051 4648 capsula
1062 4577 1191 4646 longiore
1203 4585 1230 4633 et
1240 4579 1416 4647 angustiore,
1429 4578 1549 4647 stigma-

380 4666 456 4719 tibus
476 4665 547 4718 disci
561 4666 639 4735 parvi
652 4666 810 4733 marginem
822 4667 1012 4736 aequantibus.
